<record><leader>00000cas a22000007a 4500</leader><controlfield tag="001">15348936</controlfield><controlfield tag="008">870320d19uu19uupauwr ne      0    0yid d</controlfield><datafield ind1=" " ind2=" " tag="010"><subfield code="a">sn 87080191 </subfield></datafield><datafield ind1=" " ind2=" " tag="040"><subfield code="a">NPH</subfield><subfield code="b">eng</subfield><subfield code="c">NPH</subfield><subfield code="d">OCLCQ</subfield></datafield><datafield ind1=" " ind2=" " tag="066"><subfield code="c">(2</subfield></datafield><datafield ind1="0" ind2=" " tag="041"><subfield code="a">yid</subfield><subfield code="a">eng</subfield></datafield><datafield ind1=" " ind2=" " tag="042"><subfield code="a">msc</subfield></datafield><datafield ind1=" " ind2=" " tag="096"><subfield code="a">015001139</subfield></datafield><datafield ind1="0" ind2="0" tag="245"><subfield code="6">880-01</subfield><subfield code="a">Filadelfier Idisher herald =</subfield><subfield code="b">The Philadelphia Jewish herald.</subfield></datafield><datafield ind1="3" ind2="1" tag="246"><subfield code="a">Philadelphia Jewish herald</subfield></datafield><datafield ind1="1" ind2="3" tag="246"><subfield code="a">Philadelphia Idisher herald</subfield></datafield><datafield ind1="3" ind2="0" tag="246"><subfield code="6">880-02</subfield><subfield code="a">Idisher herald</subfield></datafield><datafield ind1=" " ind2=" " tag="260"><subfield code="a">Philadelphia, Pa. :</subfield><subfield code="b">Oser Bros.</subfield></datafield><datafield ind1=" " ind2=" " tag="300"><subfield code="a">volumes :</subfield><subfield code="b">illustrations (chiefly advertisements) ;</subfield><subfield code="c">54 cm</subfield></datafield><datafield ind1=" " ind2=" " tag="310"><subfield code="a">Weekly</subfield></datafield><datafield ind1=" " ind2=" " tag="336"><subfield code="a">text</subfield><subfield code="b">txt</subfield><subfield code="2">rdacontent</subfield></datafield><datafield ind1=" " ind2=" " tag="337"><subfield code="a">unmediated</subfield><subfield code="b">n</subfield><subfield code="2">rdamedia</subfield></datafield><datafield ind1=" " ind2=" " tag="338"><subfield code="a">volume</subfield><subfield code="b">nc</subfield><subfield code="2">rdacarrier</subfield></datafield><datafield ind1=" " ind2=" " tag="500"><subfield code="a">Has occasional special editions.</subfield></datafield><datafield ind1="8" ind2=" " tag="521"><subfield code="a">"The only Jewish newspaper, printed and published in Philadelphia."</subfield></datafield><datafield ind1=" " ind2=" " tag="546"><subfield code="a">In Yiddish, with some English.</subfield></datafield><datafield ind1=" " ind2=" " tag="588"><subfield code="a">Description based on: Vol. 1, no. 3 (Apr. 18, 1913).</subfield></datafield><datafield ind1=" " ind2=" " tag="752"><subfield code="a">United States</subfield><subfield code="b">Pennsylvania</subfield><subfield code="c">Philadelphia</subfield><subfield code="d">Philadelphia.</subfield></datafield><datafield ind1="0" ind2="0" tag="880"><subfield code="6">245-01/(2/r</subfield><subfield code="a">&#1508;&#1497;&#1500;&#1488;&#1491;&#1506;&#1500;&#1508;&#1497;&#1506;&#1512; &#1488;&#1497;&#1491;&#1497;&#1513;&#1506;&#1512; &#1492;&#1506;&#1512;&#1488;&#1500;&#1491; =</subfield><subfield code="b">Philadelphia Jewish herald.</subfield></datafield><datafield ind1="1" ind2="0" tag="880"><subfield code="6">246-02/(2/r</subfield><subfield code="a">&#1488;&#1497;&#1491;&#1497;&#1513;&#1506;&#1512; &#1492;&#1506;&#1512;&#1488;&#1500;&#1491;</subfield></datafield></record>